% This file was created with JabRef 2.10.
% Encoding: MacRoman


@Article{dossgollin2015,
  Title                    = {{Analytic Modeling of Rainwater Sustainability in the Brazilian Semi-Arid}},
  Author                   = {Doss-Gollin, James and {da Silva}, Francisco Osny En\'{e}as and {Assis Souza Filho}, Francisco},
  Journal                  = {In Press: Journal of the American Water Resources Association},
  Year                     = {2015},

  Booktitle                = {In Review}
}

